@Article{BarZel06,
  author = {Michael Barbaro and Tom {Zeller Jr.}},
  title = {A Face Is Exposed for AOL Searcher No. 4417749},
  journal = {New York Times},
  year = {2006},
  month = {August 9,},
  note = {http://www.nytimes.com/2006/08/09/technology/09aol.html}
}

@InProceedings{CaLy01,
  author = {Jan Camenisch and Anna Lysyanskaya},
  title = {An Efficient System for Non-Transferable Anonymous Credentials with
	  Optional Anonymity Revocation},
  booktitle = {EUROCRYPT},
  volume = {2045},
  pages = {93--118},
  year = {2001}
}

@InProceedings{CaLy04,
  author = {Jan Camenisch and Anna Lysyanskaya},
  title = {Signature Schemes and Anonymous Credentials from Bilinear Maps},
  booktitle = {CRYPTO},
  pages = {56--72},
  year = {2004}
}

@InProceedings{Cha82,
  author = {David Chaum},
  title = {Blind Signatures for Untraceable Payments},
  booktitle = {Advances in Cryptology: Proceedings of CRYPTO},
  year = {1982},
  pages = {23--25}
}

@InProceedings{CHL05,
  author = {Jan Camenisch and Susan Hohenberger and Anna Lysyanskaya},
  title = {Compact E-cash},
  booktitle = {EUROCRYPT},
  year = {2005},
  pages = {302--321}
}

@InProceedings{CaGr08,
  author = {Jan Camenisch and Thomas Gro\ss},
  title = {Efficient attributes for anonymous credentials},
  booktitle = {Proceedings of the 15th ACM conference on Computer and
	  communications security},
  year = {2008},
  pages = {345--356}
}

@Article{Cha85,
  author = {David Chaum},
  title = {Security without identification: transaction systems to make big brother obsolete},
  journal = {Communications of the ACM},
  volume = {28},
  number = {10},
  year = {1985},
  pages = {1030--1044},
  publisher = {ACM},
  address = {New York, NY, USA}
}

@Misc{Cam06,
  author = {Kim Cameron},
  title = {Laws of Identity},
  note = {http://www.identityblog.com/?p=354}
}

@Article{DH76,
  author = {Whitfield Diffie and Martin E. Hellman},
  title = {New Directions in Cryptography},
  journal = {IEEE Transactions on Information Theory},
  volume = {IT-22},
  number = {6},
  month = {November},
  year = {1976},
  pages = {644--654}
}

@Article{GMR89,
  author = {Shafi Goldwasser and Silvio Micali and Charles Rackoff},
  title = {The Knowledge Complexity of Interactive Proof Systems},
  journal = {SIAM Journal of Computing},
  year = {1989},
  month = {February},
  volume = {18},
  number = {1},
  pages = {186--208}
}

Misc{Json,
  key = {Json},
  title = {JSON},
  note = {http://www.json.org/}
}

@Misc{PyOpenId,
  author = {JanRain},
  title = {Python openid module},
  note = {http://openidenabled.com/python-openid/}
}

@Misc{ProviderApp,
  key = {Google AppEngine},
  title = {Python AppEngine openid-provider},
  note = {http://code.google.com/p/google-app-engine-samples/source/browse/trunk/openid-provider}
}

@Misc{Jsbn,
  author = {Thomas Wu},
  title = {jsbn: BigIntegers in Javascript},
  note = {http://www-cs-students.stanford.edu/~tjw/jsbn/}
}

@InProceedings{JaWa07,
  author = {Collin Jackson and Helen J. Wang},
  title = {Subspace: Secure Cross-Domain Communication for Web Mashups},
  booktitle = {Proceedings of the 16th international conference on World Wide Web},
  pages = {611--620},
  year = {2007}
}

@InProceedings{Adi07,
  author = {Ben Adida},
  title = {Beamauth: two-factor web authentication with a bookmark},
  booktitle = {Proceedings of the 14th ACM conference on Computer and communications security},
  pages =  {48--57},
  year = {2007}
}

@InProceedings{NaSh08,
  author = {Arvind Narayanan and Vitaly Shmatikov},
  title = {Robust De-anonymization of Large Sparse Datasets},
  booktitle = {Proceedings of the 2008 IEEE Symposium on Security and Privacy},
  year = {2008},
  pages = {111--125},
}

@Misc{EUDir,
  key = {EU Directive},
  title = {EU Data Directive},
  year = {1995},
  note = {http://www.cdt.org/privacy/eudirective/EU\_Directive\_.html}
}

@Misc{Nor08,
  author = {Will Norris},
  title = {A New Kind of OpenID Proxy},
  howpublished = {Blog},
  month = {August 3,},
  year = {2009},
  note = {http://willnorris.com/2009/08/a-new-kind-of-openid-proxy}
}

@Misc{Oka07,
  author = {Takashi Okamoto},
  title = {FakeID},
  year = {2007},
  note = {http://fakeid.media.mit.edu/}
}

@Misc{Ora09,
  author = {Andy Oram},
  title = {Privacy and open government: conversations with EPIC and others about OpenID},
  month = {August 3,},
  year = {2009},
  howpublished = {Blog},
  note = {http://radar.oreilly.com/2009/08/privacy-and-open-government-co.html}
}

@Misc{Pool00,
  author = {Martin Pool},
  title = {Privacy problems with HTTP cache-control},
  year = {2000},
  month = {March},
  note = {http://seclists.org/bugtraq/2000/Mar/0331.html}
}

@Misc{AP09,
  author = {Associated Press},
  title = {Las Vegas Review-Journal Ordered To Identify Web Commenters},
  year = {2009},
  month = {June 17,},
  note = {http://www.huffingtonpost.com/2009/06/17/las-vegas-review-journal\_n\_217098.html}
}

@Misc{HTML5,
  author = {Ian Hickson and David Hyatt},
  title = {HTML5},
  year = {2009},
  month = {December 21,},
  note = {http://dev.w3.org/html5/spec/Overview.html}
}

@Misc{Tor,
  key = {Tor},
  author = {TOR},
  title = {The Onion Router Project},
  note = {http://www.torproject.org}
}

Misc{OID,
  key = {OpenID},
  author = {OpenID},
  title = {OpenID},
  note = {http://openid.net}
}

@Misc{OID2,
  key = {OpenID 2},
  title = {OpenID Authentication 2.0},
  note = {http://openid.net/specs/openid-authentication-2\_0.html}
}

@Misc{AX,
  key = {OpenID AX},
  title = {OpenID Attribute Exchange 1.0},
  note = {http://openid.net/specs/openid-attribute-exchange-1\_0.html}
}

@Misc{Sreg,
  key = {OpenID Sreg},
  title = {OpenID Simple Registration Extension 1.0},
  note = {http://openid.net/specs/openid-simple-registration-extension-1\_0.html}
}

Misc{MSPass,
  key = {Windows Live ID},
  title = {Windows Live ID},
  note = {http://home.live.com}
}

Misc{FBConnect,
  key = {Facebook Connect},
  title = {Facebook Connect},
  note = {http://developers.facebook.com/connect.php}
}

@Misc{Yah08,
  key = {Yahoo OpenID},
  howpublished = {Press Release},
  title = {Yahoo! Announces Support for OpenID},
  month = {January 17,},
  year = {2008},
  note = {\\http://yhoo.client.shareholder.com/press/releasedetail.cfm?releaseid=287698}
}

@Misc{WLOP08,
  key = {Windows Live ID OpenID Provider},
  title = {Windows Live ID Becomes an OpenID Provider},
  howpublished = {Blog},
  month = {October 27,},
  year = {2008},
  note = {\\http://winliveid.spaces.live.com/Blog/cns!AEE1BB0D86E23AAC!1745.entry}
}

@Misc{Sac08,
  author = {Eric Sachs},
  title = {Google moves toward single sign-on with OpenID},
  howpublished = {Blog},
  month = {October 29,},
  year = {2008},
  note = {http://googlecode.blogspot.com/2008/10/google-moves-towards-single-sign-on.html}
}

@Misc{Ki09,
  author = {Marshall Kirkpatrick},
  title = {Comcast Property Sees 92\% Success Rate With New OpenID Method},
  howpublished = {ReadWriteWeb Article},
  month = {February 10,},
  year = {2009},
  note = {http://www.readwriteweb.com/archives/comcast\_property\_sees\_92\_success\_rate\_openid.php}
}

Misc{YOP,
  key = {Yahoo OpenID},
  title = {Yahoo! OpenID},
  note = {http://openid.yahoo.com/}
}

@InProceedings{RR06,
  author = {David Recordon and Drummond Reed},
  title = {OpenID 2.0: A Platform for User-Centric Identity Management},
  booktitle = {Proceeedings of the second ACM workshop on Digital identity
	  management},
  year = {2006},
  pages = {11--16}
}
